%YAML 1.1
%TAG !u! tag:unity3d.com,2011:
--- !u!114 &-9099280014725887433
MonoBehaviour:
  m_ObjectHideFlags: 0
  m_CorrespondingSourceObject: {fileID: 0}
  m_PrefabInstance: {fileID: 0}
  m_PrefabAsset: {fileID: 0}
  m_GameObject: {fileID: 0}
  m_Enabled: 1
  m_EditorHideFlags: 0
  m_Script: {fileID: 11500000, guid: feeef8d85de8db242bdda70cc7ff5acd, type: 3}
  m_Name: OculusTouchControllerProfile Standalone
  m_EditorClassIdentifier: 
  m_enabled: 1
  nameUi: Oculus Touch Controller Profile
  version: 0.0.1
  featureIdInternal: com.unity.openxr.feature.input.oculustouch
  openxrExtensionStrings: 
  company: Unity
  priority: 0
  required: 0
--- !u!114 &-9041771253608270192
MonoBehaviour:
  m_ObjectHideFlags: 0
  m_CorrespondingSourceObject: {fileID: 0}
  m_PrefabInstance: {fileID: 0}
  m_PrefabAsset: {fileID: 0}
  m_GameObject: {fileID: 0}
  m_Enabled: 1
  m_EditorHideFlags: 0
  m_Script: {fileID: 11500000, guid: 9ef793c31862a37448e907829482ef80, type: 3}
  m_Name: OculusQuestFeature Android
  m_EditorClassIdentifier: 
  m_enabled: 0
  nameUi: Oculus Quest Support
  version: 1.0.0
  featureIdInternal: com.unity.openxr.feature.oculusquest
  openxrExtensionStrings: XR_OCULUS_android_initialize_loader
  company: Unity
  priority: 0
  required: 0
  targetQuest: 1
  targetQuest2: 1
--- !u!114 &-8879841392876425587
MonoBehaviour:
  m_ObjectHideFlags: 0
  m_CorrespondingSourceObject: {fileID: 0}
  m_PrefabInstance: {fileID: 0}
  m_PrefabAsset: {fileID: 0}
  m_GameObject: {fileID: 0}
  m_Enabled: 1
  m_EditorHideFlags: 0
  m_Script: {fileID: 11500000, guid: b3aced3429e5911458f4da2dac9d0f29, type: 3}
  m_Name: MetaHandTrackingAim Standalone
  m_EditorClassIdentifier: 
  m_enabled: 1
  nameUi: Meta Hand Tracking Aim
  version: 0.0.1
  featureIdInternal: com.unity.openxr.feature.input.metahandtrackingaim
  openxrExtensionStrings: XR_FB_hand_tracking_aim
  company: Unity
  priority: 0
  required: 0
--- !u!114 &-8709900642947510091
MonoBehaviour:
  m_ObjectHideFlags: 0
  m_CorrespondingSourceObject: {fileID: 0}
  m_PrefabInstance: {fileID: 0}
  m_PrefabAsset: {fileID: 0}
  m_GameObject: {fileID: 0}
  m_Enabled: 1
  m_EditorHideFlags: 0
  m_Script: {fileID: 11500000, guid: 7de993716e042c6499d0c18eed3a773c, type: 3}
  m_Name: MockRuntime Standalone
  m_EditorClassIdentifier: 
  m_enabled: 0
  nameUi: Mock Runtime
  version: 0.0.2
  featureIdInternal: com.unity.openxr.feature.mockruntime
  openxrExtensionStrings: XR_UNITY_null_gfx XR_UNITY_android_present
  company: Unity
  priority: 0
  required: 0
  ignoreValidationErrors: 0
--- !u!114 &-8547543334094318579
MonoBehaviour:
  m_ObjectHideFlags: 0
  m_CorrespondingSourceObject: {fileID: 0}
  m_PrefabInstance: {fileID: 0}
  m_PrefabAsset: {fileID: 0}
  m_GameObject: {fileID: 0}
  m_Enabled: 1
  m_EditorHideFlags: 0
  m_Script: {fileID: 11500000, guid: b5a1f07dc5afe854f9f12a4194aca3fb, type: 3}
  m_Name: Standalone
  m_EditorClassIdentifier: 
  features:
  - {fileID: -6284399268806119763}
  - {fileID: 1776294664462577427}
  - {fileID: -6650226112965126018}
  - {fileID: 7575500893329162917}
  - {fileID: -7159285123311527978}
  - {fileID: 4205942111947969883}
  - {fileID: -3847451645590754427}
  - {fileID: -777645534464823439}
  - {fileID: -5484141723237837337}
  - {fileID: -8879841392876425587}
  - {fileID: 3978576657113291821}
  - {fileID: 2954844453690860420}
  - {fileID: 4169280742682842672}
  - {fileID: -8709900642947510091}
  - {fileID: -9099280014725887433}
  - {fileID: -7103634084003240861}
  - {fileID: 4013638576071298100}
  - {fileID: -1306117885396542837}
  m_renderMode: 1
  m_depthSubmissionMode: 0
--- !u!114 &-8100352062363951700
MonoBehaviour:
  m_ObjectHideFlags: 0
  m_CorrespondingSourceObject: {fileID: 0}
  m_PrefabInstance: {fileID: 0}
  m_PrefabAsset: {fileID: 0}
  m_GameObject: {fileID: 0}
  m_Enabled: 1
  m_EditorHideFlags: 0
  m_Script: {fileID: 11500000, guid: 5019471fb2174e5c852ecd4047163007, type: 3}
  m_Name: HandInteractionProfile Android
  m_EditorClassIdentifier: 
  m_enabled: 0
  nameUi: Hand Interaction Profile
  version: 0.0.1
  featureIdInternal: com.unity.openxr.feature.input.handinteraction
  openxrExtensionStrings: XR_EXT_hand_interaction
  company: Unity
  priority: 0
  required: 0
--- !u!114 &-7535274958364290725
MonoBehaviour:
  m_ObjectHideFlags: 0
  m_CorrespondingSourceObject: {fileID: 0}
  m_PrefabInstance: {fileID: 0}
  m_PrefabAsset: {fileID: 0}
  m_GameObject: {fileID: 0}
  m_Enabled: 1
  m_EditorHideFlags: 0
  m_Script: {fileID: 11500000, guid: b3cf79659a011bd419c7a2a30eb74e9a, type: 3}
  m_Name: EyeGazeInteraction Android
  m_EditorClassIdentifier: 
  m_enabled: 0
  nameUi: Eye Gaze Interaction Profile
  version: 0.0.1
  featureIdInternal: com.unity.openxr.feature.input.eyetracking
  openxrExtensionStrings: XR_EXT_eye_gaze_interaction
  company: Unity
  priority: 0
  required: 0
--- !u!114 &-7232211079881349492
MonoBehaviour:
  m_ObjectHideFlags: 0
  m_CorrespondingSourceObject: {fileID: 0}
  m_PrefabInstance: {fileID: 0}
  m_PrefabAsset: {fileID: 0}
  m_GameObject: {fileID: 0}
  m_Enabled: 1
  m_EditorHideFlags: 0
  m_Script: {fileID: 11500000, guid: b3aced3429e5911458f4da2dac9d0f29, type: 3}
  m_Name: MetaHandTrackingAim Android
  m_EditorClassIdentifier: 
  m_enabled: 1
  nameUi: Meta Hand Tracking Aim
  version: 0.0.1
  featureIdInternal: com.unity.openxr.feature.input.metahandtrackingaim
  openxrExtensionStrings: XR_FB_hand_tracking_aim
  company: Unity
  priority: 0
  required: 0
--- !u!114 &-7159285123311527978
MonoBehaviour:
  m_ObjectHideFlags: 0
  m_CorrespondingSourceObject: {fileID: 0}
  m_PrefabInstance: {fileID: 0}
  m_PrefabAsset: {fileID: 0}
  m_GameObject: {fileID: 0}
  m_Enabled: 1
  m_EditorHideFlags: 0
  m_Script: {fileID: 11500000, guid: 5019471fb2174e5c852ecd4047163007, type: 3}
  m_Name: HandInteractionProfile Standalone
  m_EditorClassIdentifier: 
  m_enabled: 1
  nameUi: Hand Interaction Profile
  version: 0.0.1
  featureIdInternal: com.unity.openxr.feature.input.handinteraction
  openxrExtensionStrings: XR_EXT_hand_interaction
  company: Unity
  priority: 0
  required: 0
--- !u!114 &-7103634084003240861
MonoBehaviour:
  m_ObjectHideFlags: 0
  m_CorrespondingSourceObject: {fileID: 0}
  m_PrefabInstance: {fileID: 0}
  m_PrefabAsset: {fileID: 0}
  m_GameObject: {fileID: 0}
  m_Enabled: 1
  m_EditorHideFlags: 0
  m_Script: {fileID: 11500000, guid: f028123e2efe1d443875bc7609b4a98b, type: 3}
  m_Name: PalmPoseInteraction Standalone
  m_EditorClassIdentifier: 
  m_enabled: 0
  nameUi: Palm Pose
  version: 0.0.1
  featureIdInternal: com.unity.openxr.feature.input.palmpose
  openxrExtensionStrings: XR_EXT_palm_pose
  company: Unity
  priority: 0
  required: 0
--- !u!114 &-6650226112965126018
MonoBehaviour:
  m_ObjectHideFlags: 0
  m_CorrespondingSourceObject: {fileID: 0}
  m_PrefabInstance: {fileID: 0}
  m_PrefabAsset: {fileID: 0}
  m_GameObject: {fileID: 0}
  m_Enabled: 1
  m_EditorHideFlags: 0
  m_Script: {fileID: 11500000, guid: b3cf79659a011bd419c7a2a30eb74e9a, type: 3}
  m_Name: EyeGazeInteraction Standalone
  m_EditorClassIdentifier: 
  m_enabled: 1
  nameUi: Eye Gaze Interaction Profile
  version: 0.0.1
  featureIdInternal: com.unity.openxr.feature.input.eyetracking
  openxrExtensionStrings: XR_EXT_eye_gaze_interaction
  company: Unity
  priority: 0
  required: 0
--- !u!114 &-6609044058007558616
MonoBehaviour:
  m_ObjectHideFlags: 0
  m_CorrespondingSourceObject: {fileID: 0}
  m_PrefabInstance: {fileID: 0}
  m_PrefabAsset: {fileID: 0}
  m_GameObject: {fileID: 0}
  m_Enabled: 1
  m_EditorHideFlags: 0
  m_Script: {fileID: 11500000, guid: b5a1f07dc5afe854f9f12a4194aca3fb, type: 3}
  m_Name: WebGL
  m_EditorClassIdentifier: 
  features: []
  m_renderMode: 1
  m_depthSubmissionMode: 0
--- !u!114 &-6284399268806119763
MonoBehaviour:
  m_ObjectHideFlags: 0
  m_CorrespondingSourceObject: {fileID: 0}
  m_PrefabInstance: {fileID: 0}
  m_PrefabAsset: {fileID: 0}
  m_GameObject: {fileID: 0}
  m_Enabled: 1
  m_EditorHideFlags: 0
  m_Script: {fileID: 11500000, guid: 486b5e28864f9a94b979b9620ce5006d, type: 3}
  m_Name: ConformanceAutomationFeature Standalone
  m_EditorClassIdentifier: 
  m_enabled: 0
  nameUi: Conformance Automation
  version: 0.0.1
  featureIdInternal: com.unity.openxr.feature.conformance
  openxrExtensionStrings: XR_EXT_conformance_automation
  company: Unity
  priority: 0
  required: 0
--- !u!114 &-5733983572328800181
MonoBehaviour:
  m_ObjectHideFlags: 0
  m_CorrespondingSourceObject: {fileID: 0}
  m_PrefabInstance: {fileID: 0}
  m_PrefabAsset: {fileID: 0}
  m_GameObject: {fileID: 0}
  m_Enabled: 1
  m_EditorHideFlags: 0
  m_Script: {fileID: 11500000, guid: 4e314dfef9af0904e80129bcc0a79361, type: 3}
  m_Name: HandTracking Android
  m_EditorClassIdentifier: 
  m_enabled: 1
  nameUi: Hand Tracking Subsystem
  version: 0.0.1
  featureIdInternal: com.unity.openxr.feature.input.handtracking
  openxrExtensionStrings: XR_EXT_hand_tracking
  company: Unity
  priority: -100
  required: 0
--- !u!114 &-5585535445910989519
MonoBehaviour:
  m_ObjectHideFlags: 0
  m_CorrespondingSourceObject: {fileID: 0}
  m_PrefabInstance: {fileID: 0}
  m_PrefabAsset: {fileID: 0}
  m_GameObject: {fileID: 0}
  m_Enabled: 1
  m_EditorHideFlags: 0
  m_Script: {fileID: 11500000, guid: 056125dd64c0ed540b40a4af74f7b495, type: 3}
  m_Name: RuntimeDebuggerOpenXRFeature Android
  m_EditorClassIdentifier: 
  m_enabled: 0
  nameUi: Runtime Debugger
  version: 1
  featureIdInternal: com.unity.openxr.features.runtimedebugger
  openxrExtensionStrings: 
  company: Unity
  priority: 0
  required: 0
  cacheSize: 1048576
  perThreadCacheSize: 51200
--- !u!114 &-5484141723237837337
MonoBehaviour:
  m_ObjectHideFlags: 0
  m_CorrespondingSourceObject: {fileID: 0}
  m_PrefabInstance: {fileID: 0}
  m_PrefabAsset: {fileID: 0}
  m_GameObject: {fileID: 0}
  m_Enabled: 1
  m_EditorHideFlags: 0
  m_Script: {fileID: 11500000, guid: 0f6bfdbcb316ed242b30a8798c9eb853, type: 3}
  m_Name: KHRSimpleControllerProfile Standalone
  m_EditorClassIdentifier: 
  m_enabled: 1
  nameUi: Khronos Simple Controller Profile
  version: 0.0.1
  featureIdInternal: com.unity.openxr.feature.input.khrsimpleprofile
  openxrExtensionStrings: 
  company: Unity
  priority: 0
  required: 0
--- !u!114 &-3847451645590754427
MonoBehaviour:
  m_ObjectHideFlags: 0
  m_CorrespondingSourceObject: {fileID: 0}
  m_PrefabInstance: {fileID: 0}
  m_PrefabAsset: {fileID: 0}
  m_GameObject: {fileID: 0}
  m_Enabled: 1
  m_EditorHideFlags: 0
  m_Script: {fileID: 11500000, guid: e5315f812f023cf4ebf26f7e5d2d70f2, type: 3}
  m_Name: HPReverbG2ControllerProfile Standalone
  m_EditorClassIdentifier: 
  m_enabled: 1
  nameUi: HP Reverb G2 Controller Profile
  version: 0.0.1
  featureIdInternal: com.unity.openxr.feature.input.hpreverb
  openxrExtensionStrings: XR_EXT_hp_mixed_reality_controller
  company: Unity
  priority: 0
  required: 0
--- !u!114 &-2927128432566725762
MonoBehaviour:
  m_ObjectHideFlags: 0
  m_CorrespondingSourceObject: {fileID: 0}
  m_PrefabInstance: {fileID: 0}
  m_PrefabAsset: {fileID: 0}
  m_GameObject: {fileID: 0}
  m_Enabled: 1
  m_EditorHideFlags: 0
  m_Script: {fileID: 11500000, guid: 0f6bfdbcb316ed242b30a8798c9eb853, type: 3}
  m_Name: KHRSimpleControllerProfile Android
  m_EditorClassIdentifier: 
  m_enabled: 0
  nameUi: Khronos Simple Controller Profile
  version: 0.0.1
  featureIdInternal: com.unity.openxr.feature.input.khrsimpleprofile
  openxrExtensionStrings: 
  company: Unity
  priority: 0
  required: 0
--- !u!114 &-1583055391589706095
MonoBehaviour:
  m_ObjectHideFlags: 0
  m_CorrespondingSourceObject: {fileID: 0}
  m_PrefabInstance: {fileID: 0}
  m_PrefabAsset: {fileID: 0}
  m_GameObject: {fileID: 0}
  m_Enabled: 1
  m_EditorHideFlags: 0
  m_Script: {fileID: 11500000, guid: 9c5b5af5107e35a43818d5411328bfc3, type: 3}
  m_Name: DPadInteraction Android
  m_EditorClassIdentifier: 
  m_enabled: 0
  nameUi: D-Pad Binding
  version: 0.0.1
  featureIdInternal: com.unity.openxr.feature.input.dpadinteraction
  openxrExtensionStrings: XR_KHR_binding_modification XR_EXT_dpad_binding
  company: Unity
  priority: 0
  required: 0
  forceThresholdLeft: 0.5
  forceThresholdReleaseLeft: 0.4
  centerRegionLeft: 0.5
  wedgeAngleLeft: 1.5707964
  isStickyLeft: 0
  forceThresholdRight: 0.5
  forceThresholdReleaseRight: 0.4
  centerRegionRight: 0.5
  wedgeAngleRight: 1.5707964
  isStickyRight: 0
  extensionStrings:
  - XR_KHR_binding_modification
  - XR_EXT_dpad_binding
--- !u!114 &-1306117885396542837
MonoBehaviour:
  m_ObjectHideFlags: 0
  m_CorrespondingSourceObject: {fileID: 0}
  m_PrefabInstance: {fileID: 0}
  m_PrefabAsset: {fileID: 0}
  m_GameObject: {fileID: 0}
  m_Enabled: 1
  m_EditorHideFlags: 0
  m_Script: {fileID: 11500000, guid: 0d6ccd3d0ef0f1d458e69421dccbdae1, type: 3}
  m_Name: ValveIndexControllerProfile Standalone
  m_EditorClassIdentifier: 
  m_enabled: 1
  nameUi: Valve Index Controller Profile
  version: 0.0.1
  featureIdInternal: com.unity.openxr.feature.input.valveindex
  openxrExtensionStrings: 
  company: Unity
  priority: 0
  required: 0
--- !u!114 &-777645534464823439
MonoBehaviour:
  m_ObjectHideFlags: 0
  m_CorrespondingSourceObject: {fileID: 0}
  m_PrefabInstance: {fileID: 0}
  m_PrefabAsset: {fileID: 0}
  m_GameObject: {fileID: 0}
  m_Enabled: 1
  m_EditorHideFlags: 0
  m_Script: {fileID: 11500000, guid: 274c02963f889a64e90bc2e596e21d13, type: 3}
  m_Name: HTCViveControllerProfile Standalone
  m_EditorClassIdentifier: 
  m_enabled: 1
  nameUi: HTC Vive Controller Profile
  version: 0.0.1
  featureIdInternal: com.unity.openxr.feature.input.htcvive
  openxrExtensionStrings: 
  company: Unity
  priority: 0
  required: 0
--- !u!114 &11400000
MonoBehaviour:
  m_ObjectHideFlags: 0
  m_CorrespondingSourceObject: {fileID: 0}
  m_PrefabInstance: {fileID: 0}
  m_PrefabAsset: {fileID: 0}
  m_GameObject: {fileID: 0}
  m_Enabled: 1
  m_EditorHideFlags: 0
  m_Script: {fileID: 11500000, guid: 9f0ebc320a151d3408ea1e9fce54d40e, type: 3}
  m_Name: OpenXR Package Settings
  m_EditorClassIdentifier: 
  Keys: 01000000070000000d00000004000000
  Values:
  - {fileID: -8547543334094318579}
  - {fileID: 6563199376762221929}
  - {fileID: -6609044058007558616}
  - {fileID: 6543476722264142294}
--- !u!114 &1413351052408306117
MonoBehaviour:
  m_ObjectHideFlags: 0
  m_CorrespondingSourceObject: {fileID: 0}
  m_PrefabInstance: {fileID: 0}
  m_PrefabAsset: {fileID: 0}
  m_GameObject: {fileID: 0}
  m_Enabled: 1
  m_EditorHideFlags: 0
  m_Script: {fileID: 11500000, guid: 2a24be4b5ebfe5f4d8ed1de9b25cb7aa, type: 3}
  m_Name: HandCommonPosesInteraction Android
  m_EditorClassIdentifier: 
  m_enabled: 0
  nameUi: Hand Interaction Poses
  version: 0.0.1
  featureIdInternal: com.unity.openxr.feature.input.handinteractionposes
  openxrExtensionStrings: XR_EXT_hand_interaction
  company: Unity
  priority: 0
  required: 0
--- !u!114 &1776294664462577427
MonoBehaviour:
  m_ObjectHideFlags: 0
  m_CorrespondingSourceObject: {fileID: 0}
  m_PrefabInstance: {fileID: 0}
  m_PrefabAsset: {fileID: 0}
  m_GameObject: {fileID: 0}
  m_Enabled: 1
  m_EditorHideFlags: 0
  m_Script: {fileID: 11500000, guid: 9c5b5af5107e35a43818d5411328bfc3, type: 3}
  m_Name: DPadInteraction Standalone
  m_EditorClassIdentifier: 
  m_enabled: 0
  nameUi: D-Pad Binding
  version: 0.0.1
  featureIdInternal: com.unity.openxr.feature.input.dpadinteraction
  openxrExtensionStrings: XR_KHR_binding_modification XR_EXT_dpad_binding
  company: Unity
  priority: 0
  required: 0
  forceThresholdLeft: 0.5
  forceThresholdReleaseLeft: 0.4
  centerRegionLeft: 0.5
  wedgeAngleLeft: 1.5707964
  isStickyLeft: 0
  forceThresholdRight: 0.5
  forceThresholdReleaseRight: 0.4
  centerRegionRight: 0.5
  wedgeAngleRight: 1.5707964
  isStickyRight: 0
  extensionStrings:
  - XR_KHR_binding_modification
  - XR_EXT_dpad_binding
--- !u!114 &1878925075969567340
MonoBehaviour:
  m_ObjectHideFlags: 0
  m_CorrespondingSourceObject: {fileID: 0}
  m_PrefabInstance: {fileID: 0}
  m_PrefabAsset: {fileID: 0}
  m_GameObject: {fileID: 0}
  m_Enabled: 1
  m_EditorHideFlags: 0
  m_Script: {fileID: 11500000, guid: f028123e2efe1d443875bc7609b4a98b, type: 3}
  m_Name: PalmPoseInteraction Android
  m_EditorClassIdentifier: 
  m_enabled: 0
  nameUi: Palm Pose
  version: 0.0.1
  featureIdInternal: com.unity.openxr.feature.input.palmpose
  openxrExtensionStrings: XR_EXT_palm_pose
  company: Unity
  priority: 0
  required: 0
--- !u!114 &2761081510668910149
MonoBehaviour:
  m_ObjectHideFlags: 0
  m_CorrespondingSourceObject: {fileID: 0}
  m_PrefabInstance: {fileID: 0}
  m_PrefabAsset: {fileID: 0}
  m_GameObject: {fileID: 0}
  m_Enabled: 1
  m_EditorHideFlags: 0
  m_Script: {fileID: 11500000, guid: 486b5e28864f9a94b979b9620ce5006d, type: 3}
  m_Name: ConformanceAutomationFeature Android
  m_EditorClassIdentifier: 
  m_enabled: 0
  nameUi: Conformance Automation
  version: 0.0.1
  featureIdInternal: com.unity.openxr.feature.conformance
  openxrExtensionStrings: XR_EXT_conformance_automation
  company: Unity
  priority: 0
  required: 0
--- !u!114 &2954844453690860420
MonoBehaviour:
  m_ObjectHideFlags: 0
  m_CorrespondingSourceObject: {fileID: 0}
  m_PrefabInstance: {fileID: 0}
  m_PrefabAsset: {fileID: 0}
  m_GameObject: {fileID: 0}
  m_Enabled: 1
  m_EditorHideFlags: 0
  m_Script: {fileID: 11500000, guid: f928d0d73a35f294fbe357ca17aa3547, type: 3}
  m_Name: MicrosoftHandInteraction Standalone
  m_EditorClassIdentifier: 
  m_enabled: 1
  nameUi: Microsoft Hand Interaction Profile
  version: 0.0.1
  featureIdInternal: com.unity.openxr.feature.input.handtracking
  openxrExtensionStrings: XR_MSFT_hand_interaction
  company: Unity
  priority: 0
  required: 0
--- !u!114 &2966182906870921201
MonoBehaviour:
  m_ObjectHideFlags: 0
  m_CorrespondingSourceObject: {fileID: 0}
  m_PrefabInstance: {fileID: 0}
  m_PrefabAsset: {fileID: 0}
  m_GameObject: {fileID: 0}
  m_Enabled: 1
  m_EditorHideFlags: 0
  m_Script: {fileID: 11500000, guid: f647cc0545697264a9878224faada6d5, type: 3}
  m_Name: MetaQuestFeature Android
  m_EditorClassIdentifier: 
  m_enabled: 1
  nameUi: Meta Quest Support
  version: 1.0.0
  featureIdInternal: com.unity.openxr.feature.metaquest
  openxrExtensionStrings: XR_OCULUS_android_initialize_loader
  company: Unity
  priority: 0
  required: 0
  targetDevices:
  - visibleName: Quest
    manifestName: quest
    enabled: 1
  - visibleName: Quest 2
    manifestName: quest2
    enabled: 1
  - visibleName: Quest Pro
    manifestName: cambria
    enabled: 1
  forceRemoveInternetPermission: 1
--- !u!114 &3978576657113291821
MonoBehaviour:
  m_ObjectHideFlags: 0
  m_CorrespondingSourceObject: {fileID: 0}
  m_PrefabInstance: {fileID: 0}
  m_PrefabAsset: {fileID: 0}
  m_GameObject: {fileID: 0}
  m_Enabled: 1
  m_EditorHideFlags: 0
  m_Script: {fileID: 11500000, guid: c4b862ee14fb479fbfe5fffe655d3ed3, type: 3}
  m_Name: MetaQuestTouchProControllerProfile Standalone
  m_EditorClassIdentifier: 
  m_enabled: 1
  nameUi: Meta Quest Touch Pro Controller Profile
  version: 0.0.1
  featureIdInternal: com.unity.openxr.feature.input.metaquestpro
  openxrExtensionStrings: XR_FB_touch_controller_pro
  company: Unity
  priority: 0
  required: 0
--- !u!114 &4013638576071298100
MonoBehaviour:
  m_ObjectHideFlags: 0
  m_CorrespondingSourceObject: {fileID: 0}
  m_PrefabInstance: {fileID: 0}
  m_PrefabAsset: {fileID: 0}
  m_GameObject: {fileID: 0}
  m_Enabled: 1
  m_EditorHideFlags: 0
  m_Script: {fileID: 11500000, guid: 056125dd64c0ed540b40a4af74f7b495, type: 3}
  m_Name: RuntimeDebuggerOpenXRFeature Standalone
  m_EditorClassIdentifier: 
  m_enabled: 0
  nameUi: Runtime Debugger
  version: 1
  featureIdInternal: com.unity.openxr.features.runtimedebugger
  openxrExtensionStrings: 
  company: Unity
  priority: 0
  required: 0
  cacheSize: 1048576
  perThreadCacheSize: 51200
--- !u!114 &4169280742682842672
MonoBehaviour:
  m_ObjectHideFlags: 0
  m_CorrespondingSourceObject: {fileID: 0}
  m_PrefabInstance: {fileID: 0}
  m_PrefabAsset: {fileID: 0}
  m_GameObject: {fileID: 0}
  m_Enabled: 1
  m_EditorHideFlags: 0
  m_Script: {fileID: 11500000, guid: 761fdd4502cb7a84e9ec7a2b24f33f37, type: 3}
  m_Name: MicrosoftMotionControllerProfile Standalone
  m_EditorClassIdentifier: 
  m_enabled: 1
  nameUi: Microsoft Motion Controller Profile
  version: 0.0.1
  featureIdInternal: com.unity.openxr.feature.input.microsoftmotioncontroller
  openxrExtensionStrings: 
  company: Unity
  priority: 0
  required: 0
--- !u!114 &4205942111947969883
MonoBehaviour:
  m_ObjectHideFlags: 0
  m_CorrespondingSourceObject: {fileID: 0}
  m_PrefabInstance: {fileID: 0}
  m_PrefabAsset: {fileID: 0}
  m_GameObject: {fileID: 0}
  m_Enabled: 1
  m_EditorHideFlags: 0
  m_Script: {fileID: 11500000, guid: 4e314dfef9af0904e80129bcc0a79361, type: 3}
  m_Name: HandTracking Standalone
  m_EditorClassIdentifier: 
  m_enabled: 1
  nameUi: Hand Tracking Subsystem
  version: 0.0.1
  featureIdInternal: com.unity.openxr.feature.input.handtracking
  openxrExtensionStrings: XR_EXT_hand_tracking
  company: Unity
  priority: -100
  required: 0
--- !u!114 &4692312714588874302
MonoBehaviour:
  m_ObjectHideFlags: 0
  m_CorrespondingSourceObject: {fileID: 0}
  m_PrefabInstance: {fileID: 0}
  m_PrefabAsset: {fileID: 0}
  m_GameObject: {fileID: 0}
  m_Enabled: 1
  m_EditorHideFlags: 0
  m_Script: {fileID: 11500000, guid: f928d0d73a35f294fbe357ca17aa3547, type: 3}
  m_Name: MicrosoftHandInteraction Android
  m_EditorClassIdentifier: 
  m_enabled: 0
  nameUi: Microsoft Hand Interaction Profile
  version: 0.0.1
  featureIdInternal: com.unity.openxr.feature.input.handtracking
  openxrExtensionStrings: XR_MSFT_hand_interaction
  company: Unity
  priority: 0
  required: 0
--- !u!114 &6543476722264142294
MonoBehaviour:
  m_ObjectHideFlags: 0
  m_CorrespondingSourceObject: {fileID: 0}
  m_PrefabInstance: {fileID: 0}
  m_PrefabAsset: {fileID: 0}
  m_GameObject: {fileID: 0}
  m_Enabled: 1
  m_EditorHideFlags: 0
  m_Script: {fileID: 11500000, guid: b5a1f07dc5afe854f9f12a4194aca3fb, type: 3}
  m_Name: iPhone
  m_EditorClassIdentifier: 
  features: []
  m_renderMode: 1
  m_depthSubmissionMode: 0
--- !u!114 &6563199376762221929
MonoBehaviour:
  m_ObjectHideFlags: 0
  m_CorrespondingSourceObject: {fileID: 0}
  m_PrefabInstance: {fileID: 0}
  m_PrefabAsset: {fileID: 0}
  m_GameObject: {fileID: 0}
  m_Enabled: 1
  m_EditorHideFlags: 0
  m_Script: {fileID: 11500000, guid: b5a1f07dc5afe854f9f12a4194aca3fb, type: 3}
  m_Name: Android
  m_EditorClassIdentifier: 
  features:
  - {fileID: 2761081510668910149}
  - {fileID: -1583055391589706095}
  - {fileID: -7535274958364290725}
  - {fileID: 1413351052408306117}
  - {fileID: -8100352062363951700}
  - {fileID: -5733983572328800181}
  - {fileID: -2927128432566725762}
  - {fileID: -7232211079881349492}
  - {fileID: 2966182906870921201}
  - {fileID: 7633848182435866916}
  - {fileID: 4692312714588874302}
  - {fileID: 8327707280853913237}
  - {fileID: -9041771253608270192}
  - {fileID: 6709867038745754033}
  - {fileID: 1878925075969567340}
  - {fileID: -5585535445910989519}
  m_renderMode: 1
  m_depthSubmissionMode: 0
--- !u!114 &6709867038745754033
MonoBehaviour:
  m_ObjectHideFlags: 0
  m_CorrespondingSourceObject: {fileID: 0}
  m_PrefabInstance: {fileID: 0}
  m_PrefabAsset: {fileID: 0}
  m_GameObject: {fileID: 0}
  m_Enabled: 1
  m_EditorHideFlags: 0
  m_Script: {fileID: 11500000, guid: feeef8d85de8db242bdda70cc7ff5acd, type: 3}
  m_Name: OculusTouchControllerProfile Android
  m_EditorClassIdentifier: 
  m_enabled: 1
  nameUi: Oculus Touch Controller Profile
  version: 0.0.1
  featureIdInternal: com.unity.openxr.feature.input.oculustouch
  openxrExtensionStrings: 
  company: Unity
  priority: 0
  required: 0
--- !u!114 &7575500893329162917
MonoBehaviour:
  m_ObjectHideFlags: 0
  m_CorrespondingSourceObject: {fileID: 0}
  m_PrefabInstance: {fileID: 0}
  m_PrefabAsset: {fileID: 0}
  m_GameObject: {fileID: 0}
  m_Enabled: 1
  m_EditorHideFlags: 0
  m_Script: {fileID: 11500000, guid: 2a24be4b5ebfe5f4d8ed1de9b25cb7aa, type: 3}
  m_Name: HandCommonPosesInteraction Standalone
  m_EditorClassIdentifier: 
  m_enabled: 1
  nameUi: Hand Interaction Poses
  version: 0.0.1
  featureIdInternal: com.unity.openxr.feature.input.handinteractionposes
  openxrExtensionStrings: XR_EXT_hand_interaction
  company: Unity
  priority: 0
  required: 0
--- !u!114 &7633848182435866916
MonoBehaviour:
  m_ObjectHideFlags: 0
  m_CorrespondingSourceObject: {fileID: 0}
  m_PrefabInstance: {fileID: 0}
  m_PrefabAsset: {fileID: 0}
  m_GameObject: {fileID: 0}
  m_Enabled: 1
  m_EditorHideFlags: 0
  m_Script: {fileID: 11500000, guid: c4b862ee14fb479fbfe5fffe655d3ed3, type: 3}
  m_Name: MetaQuestTouchProControllerProfile Android
  m_EditorClassIdentifier: 
  m_enabled: 0
  nameUi: Meta Quest Touch Pro Controller Profile
  version: 0.0.1
  featureIdInternal: com.unity.openxr.feature.input.metaquestpro
  openxrExtensionStrings: XR_FB_touch_controller_pro
  company: Unity
  priority: 0
  required: 0
--- !u!114 &8327707280853913237
MonoBehaviour:
  m_ObjectHideFlags: 0
  m_CorrespondingSourceObject: {fileID: 0}
  m_PrefabInstance: {fileID: 0}
  m_PrefabAsset: {fileID: 0}
  m_GameObject: {fileID: 0}
  m_Enabled: 1
  m_EditorHideFlags: 0
  m_Script: {fileID: 11500000, guid: 7de993716e042c6499d0c18eed3a773c, type: 3}
  m_Name: MockRuntime Android
  m_EditorClassIdentifier: 
  m_enabled: 0
  nameUi: Mock Runtime
  version: 0.0.2
  featureIdInternal: com.unity.openxr.feature.mockruntime
  openxrExtensionStrings: XR_UNITY_null_gfx XR_UNITY_android_present
  company: Unity
  priority: 0
  required: 0
  ignoreValidationErrors: 0
